<record><leader>00000cas a22000007a 4500</leader><controlfield tag="001">20019939</controlfield><controlfield tag="008">890717d18791880mauwr ne      0    0eng d</controlfield><datafield ind1=" " ind2=" " tag="010"><subfield code="a">sn 89062134 </subfield></datafield><datafield ind1=" " ind2=" " tag="040"><subfield code="a">MGN</subfield><subfield code="b">eng</subfield><subfield code="c">MGN</subfield><subfield code="d">OCLCQ</subfield></datafield><datafield ind1=" " ind2=" " tag="042"><subfield code="a">msc</subfield></datafield><datafield ind1="0" ind2=" " tag="130"><subfield code="a">Star (Fairhaven, Mass. : 1879)</subfield></datafield><datafield ind1="1" ind2="4" tag="245"><subfield code="a">The star.</subfield></datafield><datafield ind1=" " ind2=" " tag="260"><subfield code="a">Fairhaven, Mass. :</subfield><subfield code="b">[C.D. Waldron]</subfield></datafield><datafield ind1=" " ind2=" " tag="300"><subfield code="a">v.</subfield></datafield><datafield ind1=" " ind2=" " tag="310"><subfield code="a">Weekly</subfield></datafield><datafield ind1="0" ind2=" " tag="362"><subfield code="a">Vol. 1, no. 1 (Feb. 18, 1879)-v. 1, no. 49 (Jan. 31, 1880).</subfield></datafield><datafield ind1=" " ind2=" " tag="500"><subfield code="a">Published as: Fairhaven star, June 7, 1879-Aug. 2, 1879.</subfield></datafield><datafield ind1=" " ind2=" " tag="752"><subfield code="a">United States</subfield><subfield code="b">Massachusetts</subfield><subfield code="c">Bristol</subfield><subfield code="d">Fairhaven.</subfield></datafield><datafield ind1="0" ind2="0" tag="785"><subfield code="t">Fairhaven star</subfield><subfield code="w">(DLC)sn 89062133</subfield></datafield></record>